<record><leader>00000cas a22000007a 4500</leader><controlfield tag="001">32710911</controlfield><controlfield tag="008">950626d19041906okuwr n       0    0eng d</controlfield><datafield ind1=" " ind2=" " tag="010"><subfield code="a">sn 95076233 </subfield></datafield><datafield ind1=" " ind2=" " tag="040"><subfield code="a">OBN</subfield><subfield code="b">eng</subfield><subfield code="c">OBN</subfield><subfield code="d">OCLCQ</subfield><subfield code="d">OCLCO</subfield></datafield><datafield ind1="1" ind2=" " tag="029"><subfield code="a">AU@</subfield><subfield code="b">000011809761</subfield></datafield><datafield ind1=" " ind2=" " tag="042"><subfield code="a">msc</subfield></datafield><datafield ind1=" " ind2=" " tag="043"><subfield code="a">n-us-ok</subfield></datafield><datafield ind1="0" ind2=" " tag="130"><subfield code="a">State herald (Cushing, Okla.)</subfield></datafield><datafield ind1="1" ind2="4" tag="245"><subfield code="a">The State herald.</subfield></datafield><datafield ind1="3" ind2=" " tag="246"><subfield code="a">Herald</subfield></datafield><datafield ind1=" " ind2=" " tag="260"><subfield code="a">Cushing, O.T. (Okla.) :</subfield><subfield code="b">W.J. Rendall</subfield></datafield><datafield ind1=" " ind2=" " tag="300"><subfield code="a">v.</subfield></datafield><datafield ind1=" " ind2=" " tag="310"><subfield code="a">Weekly</subfield></datafield><datafield ind1="1" ind2=" " tag="362"><subfield code="a">Began in 1904; ceased in 1906.</subfield></datafield><datafield ind1=" " ind2=" " tag="500"><subfield code="a">Published in Stillwater, OK 1906-</subfield></datafield><datafield ind1=" " ind2=" " tag="500"><subfield code="a">Daily edition: Daily state herald.</subfield></datafield><datafield ind1=" " ind2=" " tag="588"><subfield code="a">Description based on: Vol. 1, no. 2 (Apr. 15, 1904).</subfield></datafield><datafield ind1=" " ind2="0" tag="651"><subfield code="a">Stillwater (Okla.)</subfield><subfield code="v">Newspapers.</subfield></datafield><datafield ind1=" " ind2="0" tag="651"><subfield code="a">Cushing (Okla.)</subfield><subfield code="v">Newspapers.</subfield></datafield><datafield ind1=" " ind2="0" tag="651"><subfield code="a">Payne County (Okla.)</subfield><subfield code="v">Newspapers.</subfield></datafield><datafield ind1=" " ind2="0" tag="651"><subfield code="a">Oklahoma Territory (Okla.)</subfield><subfield code="v">Newspapers.</subfield></datafield><datafield ind1=" " ind2=" " tag="752"><subfield code="a">United States</subfield><subfield code="b">Oklahoma</subfield><subfield code="c">Payne</subfield><subfield code="d">Cushing.</subfield></datafield><datafield ind1=" " ind2=" " tag="752"><subfield code="a">United States</subfield><subfield code="b">Oklahoma</subfield><subfield code="c">Payne</subfield><subfield code="d">Stillwater.</subfield></datafield><datafield ind1="0" ind2=" " tag="775"><subfield code="t">Daily state herald</subfield><subfield code="w">(DLC)sn 95076234</subfield></datafield><datafield ind1="0" ind2="0" tag="785"><subfield code="t">Cushing herald</subfield><subfield code="w">(DLC)sn 95076232</subfield><subfield code="w">(OCoLC)32710690</subfield></datafield></record>